% Encoding: UTF-8

%%%
%
%Beim Erstellen der Bibtex-Datei wird empfohlen darauf zu achten, dass die DOI aufgef√ºhrt wird.
%
%%%

@article{aleti2017analysing,
  title={Analysing the fitness landscape of search-based software testing problems},
  author={Aleti, Aldeida and Moser, Irene and Grunske, Lars},
  journal={Automated Software Engineering},
  volume={24},
  number={3},
  pages={603--621},
  year={2017},
  publisher={Springer}
}

@inproceedings{vogel2019does,
	title={Does diversity improve the test suite generation for mobile applications?},
	author={Vogel, Thomas and Tran, Chinh and Grunske, Lars},
	booktitle={International Symposium on Search Based Software Engineering},
	pages={58--74},
	year={2019},
	organization={Springer}
}

@inproceedings{albunian2020causes,
	title={Causes and effects of fitness landscapes in unit test generation},
	author={Albunian, Nasser and Fraser, Gordon and Sudholt, Dirk},
	booktitle={Proceedings of the 2020 Genetic and Evolutionary Computation Conference},
	pages={1204--1212},
	year={2020}
}

@article{fraser2014large,
	title={A large-scale evaluation of automated unit test generation using evosuite},
	author={Fraser, Gordon and Arcuri, Andrea},
	journal={ACM Transactions on Software Engineering and Methodology (TOSEM)},
	volume={24},
	number={2},
	pages={1--42},
	year={2014},
	publisher={ACM New York, NY, USA}
}

@article{panichella2018large,
	title={A large scale empirical comparison of state-of-the-art search-based test case generators},
	author={Panichella, Annibale and Kifetew, Fitsum Meshesha and Tonella, Paolo},
	journal={Information and Software Technology},
	volume={104},
	pages={236--256},
	year={2018},
	publisher={Elsevier}
}

@inproceedings{eler2018automated,
	title={Automated accessibility testing of mobile apps},
	author={Eler, Marcelo Medeiros and Rojas, Jos{\'e} Miguel and Ge, Yan and Fraser, Gordon},
	booktitle={2018 IEEE 11th International Conference on Software Testing, Verification and Validation (ICST)},
	pages={116--126},
	year={2018},
	organization={IEEE}
}

@inproceedings{sell2019empirical,
	title={An empirical evaluation of search algorithms for app testing},
	author={Sell, Leon and Auer, Michael and Fr{\"a}drich, Christoph and Gruber, Michael and Werli, Philemon and Fraser, Gordon},
	booktitle={IFIP International Conference on Testing Software and Systems},
	pages={123--139},
	year={2019},
	organization={Springer}
}

@article{arcuri2018test,
	title={Test suite generation with the Many Independent Objective (MIO) algorithm},
	author={Arcuri, Andrea},
	journal={Information and Software Technology},
	volume={104},
	pages={195--206},
	year={2018},
	publisher={Elsevier}
}

@article{fraser2012whole,
	title={Whole test suite generation},
	author={Fraser, Gordon and Arcuri, Andrea},
	journal={IEEE Transactions on Software Engineering},
	volume={39},
	number={2},
	pages={276--291},
	year={2012},
	publisher={IEEE}
}

@article{panichella2017automated,
	title={Automated test case generation as a many-objective optimisation problem with dynamic selection of the targets},
	author={Panichella, Annibale and Kifetew, Fitsum Meshesha and Tonella, Paolo},
	journal={IEEE Transactions on Software Engineering},
	volume={44},
	number={2},
	pages={122--158},
	year={2017},
	publisher={IEEE}
}

@inproceedings{panichella2015reformulating,
	title={Reformulating branch coverage as a many-objective optimization problem},
	author={Panichella, Annibale and Kifetew, Fitsum Meshesha and Tonella, Paolo},
	booktitle={2015 IEEE 8th international conference on software testing, verification and validation (ICST)},
	pages={1--10},
	year={2015},
	organization={IEEE}
}

@article{tonella2004evolutionary,
	title={Evolutionary testing of classes},
	author={Tonella, Paolo},
	journal={ACM SIGSOFT Software Engineering Notes},
	volume={29},
	number={4},
	pages={119--128},
	year={2004},
	publisher={ACM New York, NY, USA}
}

@article{mcminn2004search,
	title={Search-based software test data generation: a survey},
	author={McMinn, Phil},
	journal={Software testing, Verification and reliability},
	volume={14},
	number={2},
	pages={105--156},
	year={2004},
	publisher={Wiley Online Library}
}

@article{korel1990automated,
	title={Automated software test data generation},
	author={Korel, Bogdan},
	journal={IEEE Transactions on software engineering},
	volume={16},
	number={8},
	pages={870--879},
	year={1990},
	publisher={IEEE}
}

@article{korel1992dynamic,
	title={Dynamic method for software test data generation},
	author={Korel, Bogdan},
	journal={Software Testing, Verification and Reliability},
	volume={2},
	number={4},
	pages={203--213},
	year={1992},
	publisher={Wiley Online Library}
}

@article{jones1996automatic,
	title={Automatic structural testing using genetic algorithms},
	author={Jones, Bryan F and Sthamer, H-H and Eyres, David E},
	journal={Software engineering journal},
	volume={11},
	number={5},
	pages={299--306},
	year={1996},
	publisher={IET}
}

@article{bianchi2009survey,
	title={A survey on metaheuristics for stochastic combinatorial optimization},
	author={Bianchi, Leonora and Dorigo, Marco and Gambardella, Luca Maria and Gutjahr, Walter J},
	journal={Natural Computing},
	volume={8},
	number={2},
	pages={239--287},
	year={2009},
	publisher={Springer}
}

@article{blum2003metaheuristics,
	title={Metaheuristics in combinatorial optimization: Overview and conceptual comparison},
	author={Blum, Christian and Roli, Andrea},
	journal={ACM computing surveys (CSUR)},
	volume={35},
	number={3},
	pages={268--308},
	year={2003},
	publisher={Acm New York, NY, USA}
}

@article{wright1932roles,
	title={The roles of mutation, inbreeding, crossbreeding, and selection in evolution},
	author={Wright, Sewall and others},
	journal={Proceedings of the Sixth International Congress on Genetics},
	year={1932},
	publisher={na}
}

@article{pitzer2012comprehensive,
	title={A comprehensive survey on fitness landscape analysis},
	author={Pitzer, Erik and Affenzeller, Michael},
	journal={Recent advances in intelligent engineering systems},
	pages={161--191},
	year={2012},
	publisher={Springer}
}

@article{weinberger1990correlated,
	title={Correlated and uncorrelated fitness landscapes and how to tell the difference},
	author={Weinberger, Edward},
	journal={Biological cybernetics},
	volume={63},
	number={5},
	pages={325--336},
	year={1990},
	publisher={Springer}
}

@article{reidys2001neutrality,
	title={Neutrality in fitness landscapes},
	author={Reidys, Christian M and Stadler, Peter F},
	journal={Applied Mathematics and Computation},
	volume={117},
	number={2-3},
	pages={321--350},
	year={2001},
	publisher={Elsevier}
}

@article{vassilev2000information,
	title={Information characteristics and the structure of landscapes},
	author={Vassilev, Vesselin K and Fogarty, Terence C and Miller, Julian F},
	journal={Evolutionary computation},
	volume={8},
	number={1},
	pages={31--60},
	year={2000},
	publisher={MIT Press}
}

@software{MATE,
	author = {MATE Developers},
	title = {MATE},
	url = {https://github.com/mate-android-testing},
	date = {2022-09-14},
}

@software{instrumentation,
	author = {Auer, Michael},
	title = {Instrumentation},
	url = {https://gitlab.infosun.fim.uni-passau.de/auermich/instrumentation},
	date = {2022-09-23},
}

@software{smali,
	author = {Gruver, Ben},
	title = {smali},
	url = {https://github.com/JesusFreke/smali},
	date = {2022-09-19}
}

@inproceedings{mao2016sapienz,
	title={Sapienz: Multi-objective automated testing for android applications},
	author={Mao, Ke and Harman, Mark and Jia, Yue},
	booktitle={Proceedings of the 25th international symposium on software testing and analysis},
	pages={94--105},
	year={2016}
}

@article{wegener2001evolutionary,
	title={Evolutionary test environment for automatic structural testing},
	author={Wegener, Joachim and Baresel, Andr{\'e} and Sthamer, Harmen},
	journal={Information and software technology},
	volume={43},
	number={14},
	pages={841--854},
	year={2001},
	publisher={Elsevier}
}

@inproceedings{wegener2002automatic,
	title={Automatic test data generation for structural testing of embedded software systems by evolutionary testing},
	author={Wegener, Joachim and Buhr, Kerstin and Pohlheim, Hartmut},
	booktitle={Proceedings of the 4th Annual Conference on Genetic and Evolutionary Computation},
	pages={1233--1240},
	year={2002}
}

@inproceedings{lio,
	title={Ruggedness and neutrality-the NKp family of fitness landscapes},
	author={Barnett, Lionel},
	booktitle={Artificial Life VI: Proceedings of the sixth international conference on Artificial life},
	pages={18--27},
	year={1998}
}

@article{hintze1998violin,
	title={Violin plots: a box plot-density trace synergism},
	author={Hintze, Jerry L and Nelson, Ray D},
	journal={The American Statistician},
	volume={52},
	number={2},
	pages={181--184},
	year={1998},
	publisher={Taylor \& Francis}
}

@inproceedings{arcuri2011practical,
	title={A practical guide for using statistical tests to assess randomized algorithms in software engineering},
	author={Arcuri, Andrea and Briand, Lionel},
	booktitle={Proceedings of the 33rd international conference on software engineering},
	pages={1--10},
	year={2011}
}

@article{mann1947test,
	title={On a test of whether one of two random variables is stochastically larger than the other},
	author={Mann, Henry B and Whitney, Donald R},
	journal={The annals of mathematical statistics},
	pages={50--60},
	year={1947},
	publisher={JSTOR}
}

@article{vargha2000critique,
	title={A critique and improvement of the CL common language effect size statistics of McGraw and Wong},
	author={Vargha, Andr{\'a}s and Delaney, Harold D},
	journal={Journal of Educational and Behavioral Statistics},
	volume={25},
	number={2},
	pages={101--132},
	year={2000},
	publisher={Sage Publications Sage CA: Los Angeles, CA}
}

@inproceedings{malan2009quantifying,
	title={Quantifying ruggedness of continuous landscapes using entropy},
	author={Malan, Katherine M and Engelbrecht, Andries P},
	booktitle={2009 IEEE Congress on evolutionary computation},
	pages={1440--1447},
	year={2009},
	organization={IEEE}
}

@article{galbraith1988note,
	title={A note on graphical presentation of estimated odds ratios from several clinical trials},
	author={Galbraith, RF},
	journal={Statistics in medicine},
	volume={7},
	number={8},
	pages={889--894},
	year={1988},
	publisher={Wiley Online Library}
}

@article{holt2009mean,
	title={Mean, median and mode from a decision perspective},
	author={Holt, Melinda Miller and Scariano, Stephen M},
	journal={Journal of Statistics Education},
	volume={17},
	number={3},
	year={2009},
	publisher={Taylor \& Francis}
}

@article{deb2002fast,
	title={A fast and elitist multiobjective genetic algorithm: NSGA-II},
	author={Deb, Kalyanmoy and Pratap, Amrit and Agarwal, Sameer and Meyarivan, TAMT},
	journal={IEEE transactions on evolutionary computation},
	volume={6},
	number={2},
	pages={182--197},
	year={2002},
	publisher={IEEE}
}



	





@Comment{jabref-meta: databaseType:biblatex;}
